@article{lee2000algorithms,
  title={Algorithms for non-negative matrix factorization},
  author={Lee, Daniel and Seung, H Sebastian},
  journal={Advances in neural information processing systems},
  volume={13},
  year={2000}
}